<?xml version="1.0" encoding="UTF-8"?><collection xmlns="http://www.loc.gov/MARC21/slim"><record><leader>00557nam--2200169-u-4500</leader><controlfield tag="001">000054767</controlfield><controlfield tag="002">20161230</controlfield><controlfield tag="005">20161230201051</controlfield><controlfield tag="008">120606s1000------------r-----000-0-eng-d</controlfield><datafield ind1=" " ind2=" " tag="040"><subfield code="a">IFIN-HH</subfield></datafield><datafield ind1=" " ind2=" " tag="080"><subfield code="a">539.171</subfield></datafield><datafield ind1="1" ind2=" " tag="100"><subfield code="a">Braben, D.W</subfield></datafield><datafield ind1="1" ind2=" " tag="245"><subfield code="a">4th international symposium on electron and photon interactions at high energies, liverpool, september 14th-20th, 1969</subfield><subfield code="b">Proceedings</subfield><subfield code="c">D.w. braben (ed.)</subfield></datafield><datafield ind1=" " ind2=" " tag="260"><subfield code="a">Daresbury</subfield><subfield code="b">Daresbury Nuclear Physics Laboratory</subfield><subfield code="c">1969</subfield></datafield><datafield ind1=" " ind2=" " tag="300"><subfield code="a">IX + 328 P</subfield></datafield><datafield ind1=" " ind2=" " tag="852"><subfield code="a">32557</subfield><subfield code="c">539.17</subfield></datafield><datafield ind1=" " ind2=" " tag="CAT"><subfield code="a">Sys</subfield><subfield code="c">20120606</subfield><subfield code="h">165859</subfield></datafield></record></collection>